<?xml version="1.0" encoding="UTF-8"?><record xmlns="http://www.loc.gov/MARC21/slim" xmlns:cinclude="http://apache.org/cocoon/include/1.0" xmlns:zs="http://www.loc.gov/zing/srw/">
  <leader>00425nz  a2200133n  4500</leader>
  <controlfield tag="001">nb 98041376 </controlfield>
  <controlfield tag="003">DLC</controlfield>
  <controlfield tag="005">19990120051210.1</controlfield>
  <controlfield tag="008">980515n| acannaab|          |n aaa     c</controlfield>
  <datafield tag="010" ind1=" " ind2=" ">
    <subfield code="a">nb 98041376 </subfield>
  </datafield>
  <datafield tag="040" ind1=" " ind2=" ">
    <subfield code="a">Uk</subfield>
    <subfield code="c">Uk</subfield>
  </datafield>
  <datafield tag="100" ind1="1" ind2="0">
    <subfield code="a">Leslie, Sarah,</subfield>
    <subfield code="d">1953-</subfield>
  </datafield>
  <datafield tag="670" ind1=" " ind2=" ">
    <subfield code="a">The pagan roots of promise keepers, 1996:</subfield>
    <subfield code="b">t.p. (Sarah Leslie) BL AL sent 15 May 1998</subfield>
  </datafield>
  <datafield tag="670" ind1=" " ind2=" ">
    <subfield code="a">BL AL, recd. 19 Jan. 1999</subfield>
    <subfield code="b">(Sarah Huling Leslie, born 25 Dec. 1953)</subfield>
  </datafield>
</record>